/Users/jonny/git/writing/surveillance-graphs/assets/surveillance_graphs.bib