../../assets/surveillance_graphs.bib